@manual{Olympus,
	title = {Olympus Corporation},
	url = {http://www.olympus.com},
	note = {Last accessed: 1 July 2004}
}

@misc{biotec,
        author = {{BIOTEC Laboratories Ltd}},
	title = {Biotec Products in Development},
	url = {http://www.biotec.com/fastptb.html},
	note = {Last accessed: 1 July 2004}
}

@inproceedings{Taghirad:1995,
   author    = {E. Esmailzadeh and H.D. Taghirad},
   title     = {State-Feedback Control For Passenger Ride Dynamics},
   booktitle = {The Canadian Society for Mechanical Engineering},
   YEAR    = {1995},
   month   = dec,
   VOLUME  = {19(4)},
   PAGES   = {495-508}
}

@inproceedings{Sharp:1987,
   author    = {R.S. Sharp and S.A. Hassa},
   title     = {On the performance capabilities of active automobile suspension systems of limited bandwidth},
   booktitle = {Vehicle System Dynamics},
   YEAR    = {1987},
   month   = dec,
   VOLUME  = {16},
   PAGES   = {213-225}
}

@inproceedings{Thompson:1970,
   author    = { A. Thompson},
   title     = {Design of active suspension},
   booktitle = {Proc. Instn. Mech. Engrs},
   YEAR    = {1970},
   VOLUME  = {185},
   PAGES   = {553-563}
}

@techreport{Simon,
	author     = {Simon Q. Davies},
	title      = {Design, Construction and Control of a Slot-less X-Y Linear Synchronous Motor},
	institution  = {School of Electrical and Information Engineering, University of the Witwatersrand, South Africa},
        howpublished = {Final Year Project},
	year			 = {2003},
        type         = {4$^{\rm th}$ Year Project Report},
        number       = {03P40}
}

@article{Donahue:1998,
    author  = {Mark D. Donahue},
    title   = {Implementation of an Active Suspension, Preview Controller for Improved Ride Comfort},
    year    = {1998},
    journal = {Boston University},
    month   = apr
}

@article{Williams:1994,
    author  = {Rodney A. Donahue},
    title   = {Electronically Controlled Automotive Suspensions},
    year    = {1994},
    journal = {Computing and Control Engineering},
    volume  = {5(3)},
    pages   = {143-148}
}

@article{Wright:1984,
    author  = {Peter G. Wright and Daniel A. Williams},
    title   = {The application of active suspension to high performance road vehicles},
    year    = {1984},
    journal = {Microprocessors in fluid engineering IMechE conference publications}
}

@UNPUBLISHED{Nyandoro:2011,
   author = {O. Nyandoro},
   title = {ELEN 4016 Control II project},
   note = {Modelling and Control of an Antilock Braking System},
   month = mar,
   year = 2011
   }

@book{Ghita:2008,
   author    = {E. Guglielmino and T. Sireteanu and C. W. Stammers and G. Ghita, M. Giuclea},
   title     = {Semi-active suspension control: improved vehicle ride and road friendliness},
   year      = {2008},
   publisher = {Springer-Verlag London Limited},
   pages     = {1-45}
}

@inproceedings{Crolla:1988,
   author    = {Derek A. Crolla},
   title     = {Theoretical Comparisons of Various Active Suspension Systems in terms of Performance and Power Requirements},
   booktitle = {Proceedings of the Institution of Mechanical Engineers Part C},
   YEAR    = {1988},
   VOLUME  = {420},
   PAGES   = {1-9}
}
