@inproceedings{Alleyne:1997,
   author    = {A. Alleyne},
   title     = {Improved vehicle performance using combined suspension and braking forces},
   booktitle = {Vehicle System Dynamics},
   YEAR    = {1997},
   VOLUME  = {27},
   PAGES   = {235-265}
}

@inproceedings{Pedro:2009,
   author    = {J.O. Pedro and O.T.C. Nyandoro and S. John},
   title     = {Neural network based feedback linearisation slip control of an anti-lock braking system},
   booktitle = {7th Asian control conference},
   YEAR    = {2009},
   month   = aug,
   PAGES   = {1251-1257}
}

@inproceedings{Thompson:1970,
   author    = { A. Thompson},
   title     = {Design of active suspension},
   booktitle = {Proc. Instn. Mech. Engrs},
   YEAR    = {1970},
   VOLUME  = {185},
   PAGES   = {553-563}
}

@article{Donahue:1998,
    author  = {Mark D. Donahue},
    title   = {Implementation of an Active Suspension, Preview Controller for Improved Ride Comfort},
    year    = {1998},
    journal = {Boston University},
    month   = apr
}

@article{Williams:1994,
    author  = {Rodney A. Donahue},
    title   = {Electronically Controlled Automotive Suspensions},
    year    = {1994},
    journal = {Computing and Control Engineering},
    volume  = {5(3)},
    pages   = {143-148}
}

@article{Wright:1984,
    author  = {Peter G. Wright and Daniel A. Williams},
    title   = {The application of active suspension to high performance road vehicles},
    year    = {1984},
    journal = {Microprocessors in fluid engineering IMechE conference publications}
}

@UNPUBLISHED{Nyandoro1:2011,
   author = {O. Nyandoro},
   title = {ELEN 4016 Control II project},
   note = {Modelling and Control of an Antilock Braking System},
   month = mar,
   year = 2011
   }

@book{Nise:2004,
   author    = {Norman S. Nise},
   title     = {Control Systems Engineering},
   year      = {2004},
   publisher = {John Wiley and Sons},
   pages     = {174-784},
   chapter	 = {4-12},
   edition	 = {fourth},
   address   = {USA}
}

@inproceedings{Crolla:1988,
   author    = {Derek A. Crolla},
   title     = {Theoretical Comparisons of Various Active Suspension Systems in terms of Performance and Power Requirements},
   booktitle = {Proceedings of the Institution of Mechanical Engineers Part C},
   YEAR    = {1988},
   VOLUME  = {420},
   PAGES   = {1-9}
}


@article{Iraj:2008,
    author  = {Iraj Hassanzadeh and Saleh Mobayen and Abbas Harifi},
    title   = {Input-Output Feedback Linearization Cascade Controller Using Genetic Algorithm for Rotary Inverted Pendulum System},
    year    = {2008},
    journal = {American Journal of Applied Sciences},
    volume  = {5(10)},
    pages   = {1322-1328}
}

@UNPUBLISHED{Nyandoro2:2011,
   author = {O. Nyandoro},
   title = {Input-Output Feedback Linearisation},
   note = {A Linearising Approach for Linear in Control
Class of Systems},
   month = mar,
   year = 2011
   }
   
@article{Pable:2007,
    author  = {M. Pable and P Seshu},
    title   = {Design of Passive Suspensions to Reduce Actuator Control Effort},
    year    = {2007},
    journal = {12th IFToMM World Congress},
    volume  = {5(10)},
    pages   = {1005-1010}
}  

@inproceedings{Shaomin:2010,
   author    = {L. Shaomin and F. Zhen and X Cangsu},
   title     = {Integrated control of semi-active suspension and ABS based on sliding mode theory},
   booktitle = {29th Chinese control conference},
   YEAR    = {2010},
   VOLUME  = {27},
   PAGES   = {3214-3219}
}

@inproceedings{Tiem:2008,
   author    = {N. Van Tiem and V Huy Hoan},
   title     = {Synthesis of adaptive control for anti-lock braking systems based on fuzzy logic and neural network control},
   YEAR    = {2008},
   VOLUME  = {27},
   PAGES   = {361-368}
}

@article{Sims:1999,
    author  = {N. D. Sims and R. Stanway and D.J. Peel and W.A. Bullough and A.R. Johnson},
    title   = {Controllable Viscous Damping: An Experimental Study of an Electrorheological Long-Stroke Damper Under Proportional Feedback Control},
    year    = {1999},
    journal = {Boston University},
    month   = apr
}

@inproceedings{Wang:2009,
   author    = {Wei-Yen Wang and Yi-Hsing Chien and Ming-Chang Chen and Tsu-Tian Lee},
   title     = {Control of Uncertain Active Suspension System with Antilock
Braking system Using Fuzzy Neural Controllers},
   YEAR    = {2009},
   VOLUME  = {27},
   PAGES   = {3371-3378}
}