@manual{Olympus,
	title = {Olympus Corporation},
	url = {http://www.olympus.com},
	note = {Last accessed: 1 July 2004}
}

@misc{biotec,
        author = {{BIOTEC Laboratories Ltd}},
	title = {Biotec Products in Development},
	url = {http://www.biotec.com/fastptb.html},
	note = {Last accessed: 1 July 2004}
}

@inproceedings{Halbach-1,
   author    = {H. Ohsaki and H. Xueliang and Y. Tsuboi and Y. Ootani},
   title     = {Electromagnetic Characteristics of a coreless surface motor using {H}albach permanent magnets},
   booktitle = {4th International Symposium on Linear Drives for Industry Applications},
   pages     = {105-108},
   year      = {2003}
}

@techreport{Simon,
	author     = {Simon Q. Davies},
	title      = {Design, Construction and Control of a Slot-less X-Y Linear Synchronous Motor},
	institution  = {School of Electrical and Information Engineering, University of the Witwatersrand, South Africa},
        howpublished = {Final Year Project},
	year			 = {2003},
        type         = {4$^{\rm th}$ Year Project Report},
        number       = {03P40}
}

@book{Bentley:2005,
   author    = {John P. Bentley},
   title     = {Principles of measurement systems},
   year      = {2005},
   publisher = {Pearson Education Limited},
   pages = {1-44},
   address = {Britain},
   chapters = {1-2}
}

@book{Arnau:2004,
   author    = {John P. Bentley},
   title     = {Piezoelectric transducers and applications},
   year      = {2004},
   publisher = {Springer},
   pages = {1-311},
   address = {Germany},
   chapters = {1-11}
}

@Article{Narendra_1990,
  author =       {K.S.Narendra and K.Parthsarathy},
  title =        {Identification and Control of Dynamical System
                  using Neural Networks},
  journal =      "IEENN",
  year =         {1990},
  volume =    {1},
  number =    {1},
  month =     {},
  pages =     {4-27},
  note =      {},
  annote =    {}
}